@article{MichettiJavaMagazine2013,
    author    = "Manduca, Alexandre Michetti",
    title     = {{Transforming a Web Application into a Multitenant SaaS (in Portuguese)}},
    journal   = "Java Magazine",
    volume   = "120",
    year      = "2013"
}

@inproceedings{Almorsy:2012,
 author = {Almorsy, Mohamed and Grundy, John and Ibrahim, Amani S.},
 title = {{SMURF: Supporting Multi-tenancy Using Re-aspects Framework}},
 booktitle = {Proceedings of the 2012 IEEE 17th International Conference on Engineering of Complex Computer Systems},
 series = {ICECCS '12},
 year = {2012},
 isbn = {978-2-9541-8100-4},
 pages = {361--370},
 numpages = {10},
 url = {http://dx.doi.org/10.1109/ICECCS.2012.35},
 doi = {10.1109/ICECCS.2012.35},
 acmid = {2357484},
 publisher = {IEEE Computer Society},
 address = {Washington, DC, USA},
 keywords = {Cloud Computing, Software-as-a-Service, Multi-tenancy Engineering, Multi-tenancy Reengineering, Re-Aspects},
} 

@book{Dahl:1972,
 editor = {Dahl, O. J. and Dijkstra, E. W. and Hoare, C. A. R.},
 title = {Structured Programming},
 year = {1972},
 isbn = {0-12-200550-3},
 source = {Library of Congress Catalog Card Number: 72-84452},
 publisher = {Academic Press Ltd.},
 address = {London, UK, UK},
} 

@book{Hopcroft:1969,
 author = {Hopcroft, John E. and Ullman, Jeffrey D.},
 title = {Formal Languages and Their Relation to Automata},
 year = {1969},
 publisher = {Addison-Wesley Longman Publishing Co., Inc.},
 address = {Boston, MA, USA},
} 

@misc{WAI,
  author = {W3C},
  title = {{Web Accessibility Initiative (WAI)}},
  howpublished = {\url{http://www.w3.org/WAI/},
  note = {Accessed: 2014-04-30}
}

